@online{eliasdrid-galactic,
	title = {Galactic Empire Emblem by eliasdrid-art on {DeviantArt}},
	url = {https://www.deviantart.com/eliasdrid-art/art/Galactic-Empire-Emblem-600204806},
	author = {Eliasdrid},
	urldate = {2022-02-15},
	langid = {english},
}
